<collection xmlns="http://www.loc.gov/MARC21/slim">
<record>
  <leader>01191nam0a22002531i 450 </leader>
  <controlfield tag="001">IT\ICCU\CNCE\079456</controlfield>
  <controlfield tag="005">20170504000000.0</controlfield>
  <datafield tag="012" ind1=" " ind2=" ">
    <subfield code="a">noto toti iaia pepe (C) 1515 (Q)</subfield>
    <subfield code="2">fei</subfield>
  </datafield>
  <datafield tag="100" ind1=" " ind2=" ">
    <subfield code="a">20170504f1515        0itac0103    ba</subfield>
  </datafield>
  <datafield tag="101" ind1=" " ind2=" ">
    <subfield code="a">ITA</subfield>
  </datafield>
  <datafield tag="102" ind1=" " ind2=" ">
    <subfield code="a">IT</subfield>
  </datafield>
  <datafield tag="200" ind1="1" ind2=" ">
    <subfield code="a">Oratione di sancto Hyeronimo al crucifisso recitata da frate Nicolao da Brazano predicatore</subfield>
  </datafield>
  <datafield tag="210" ind1=" " ind2=" ">
    <subfield code="d">\1515?!</subfield>
  </datafield>
  <datafield tag="215" ind1=" " ind2=" ">
    <subfield code="a">\4! c.</subfield>
    <subfield code="d">8ʻ</subfield>
  </datafield>
  <datafield tag="300" ind1=" " ind2=" ">
    <subfield code="a">Stampata a Firenze da Bernardo Zucchetta; per il tipografo e la data cfr.: Short-title catalogue of books printed in Italy and of Italian books printed in other countries from 1465 to 1600 now in the British Library, p. 348</subfield>
  </datafield>
  <datafield tag="620" ind1=" " ind2=" ">
    <subfield code="a">IT</subfield>
    <subfield code="d">Firenze</subfield>
  </datafield>
  <datafield tag="700" ind1=" " ind2="0">
    <subfield code="a"></subfield>
    <subfield code="c"> : da#Bracciano</subfield>
    <subfield code="3">IT\ICCU\CNCA\026120</subfield>
  </datafield>
  <datafield tag="712" ind1="0" ind2="0">
    <subfield code="a">Zucchetta, Bernardo</subfield>
    <subfield code="3">IT\ICCU\CNCT\000213</subfield>
    <subfield code="4">650</subfield>
  </datafield>
  <datafield tag="790" ind1=" " ind2="1">
    <subfield code="a">Brachiano,</subfield>
    <subfield code="b">Nicolaus : de</subfield>
    <subfield code="3">IT\ICCU\CNCA\028404</subfield>
    <subfield code="z">Nicol ̣: da#Bracciano</subfield>
  </datafield>
  <datafield tag="790" ind1=" " ind2="0">
    <subfield code="a">Nicolas</subfield>
    <subfield code="c"> : de#Brazano</subfield>
    <subfield code="3">IT\ICCU\CNCA\028405</subfield>
    <subfield code="z">Nicol ̣: da#Bracciano</subfield>
  </datafield>
  <datafield tag="791" ind1="0" ind2="0">
    <subfield code="a">Zuchetta, Bernardus</subfield>
    <subfield code="3">IT\ICCU\CNCT\004196</subfield>
    <subfield code="z">Zucchetta, Bernardo</subfield>
  </datafield>
  <datafield tag="791" ind1="0" ind2="0">
    <subfield code="a">Zucchecta, Bernardo</subfield>
    <subfield code="3">IT\ICCU\CNCT\005844</subfield>
    <subfield code="z">Zucchetta, Bernardo</subfield>
  </datafield>
  <datafield tag="801" ind1=" " ind2="3">
    <subfield code="a">IT</subfield>
    <subfield code="b">ICCU</subfield>
    <subfield code="c">20201115</subfield>
  </datafield>
  <datafield tag="899" ind1=" " ind2=" ">
    <subfield code="a">British Library. London</subfield>
    <subfield code="1">UK0001</subfield>
  </datafield>
</record>
</collection>
